<?xml version="1.0" encoding="utf-8"?>
<record xmlns="http://www.loc.gov/MARC21/slim" xmlns:xsi="http://www.w3.org/2001/XMLSchema-instance" xsi:schemaLocation="http://www.loc.gov/MARC21/slim http://www.loc.gov/standards/marcxml/schema/MARC21slim.xsd">
	<leader>     nam a22     Mi 4500</leader>
	<controlfield tag="001">b12331284</controlfield>
	<controlfield tag="003">UaCaAUL</controlfield>
	<controlfield tag="006">m        d        </controlfield>
	<controlfield tag="007">cr cn |||m|||a</controlfield>
	<controlfield tag="008">200122s1913    xx      ob    000 0 ara d</controlfield>
	<datafield ind1=" " ind2=" " tag="040">
		<subfield code="a">ZYU</subfield>
		<subfield code="b">ara</subfield>
		<subfield code="e">rda</subfield>
		<subfield code="c">ZYU</subfield>
	</datafield>
	<datafield ind1=" " ind2="4" tag="050">
		<subfield code="a">PJ7675</subfield>
		<subfield code="b">.K96 1913</subfield>
	</datafield>
	<datafield ind1="1" ind2=" " tag="100">
		<subfield code="6">880-01</subfield>
		<subfield code="a">Kurd ʻAlī, Muḥammad,</subfield>
		<subfield code="d">1876-1953,</subfield>
		<subfield code="e">compiler.</subfield>
	</datafield>
	<datafield ind1="1" ind2="0" tag="245">
		<subfield code="6">880-02</subfield>
		<subfield code="a">Rasāʼil al-bulaghāʼ /</subfield>
		<subfield code="c">ʻuniya bi-jamʻihā Muḥammad Kurd ʻAlī, ṣāḥib Majallat al-Muqtabas.</subfield>
	</datafield>
	<datafield ind1=" " ind2=" " tag="250">
		<subfield code="6">880-03</subfield>
		<subfield code="a">al-Ṭabʻah al-thāniyah.</subfield>
	</datafield>
	<datafield ind1=" " ind2="1" tag="264">
		<subfield code="6">880-04</subfield>
		<subfield code="a">Miṣr :</subfield>
		<subfield code="b">Ṭubiʻa bi-Maṭbaʻat Dār al-Kutub al-ʻArabīyah al-Kubrá,</subfield>
		<subfield code="c">1331, 1913.</subfield>
	</datafield>
	<datafield ind1=" " ind2=" " tag="300">
		<subfield code="a">online resource (320 pages)</subfield>
	</datafield>
	<datafield ind1=" " ind2=" " tag="336">
		<subfield code="a">text</subfield>
		<subfield code="2">rdacontent</subfield>
	</datafield>
	<datafield ind1=" " ind2=" " tag="337">
		<subfield code="a">computer</subfield>
		<subfield code="2">rdamedia</subfield>
	</datafield>
	<datafield ind1=" " ind2=" " tag="338">
		<subfield code="a">online resource</subfield>
		<subfield code="2">rdacarrier</subfield>
	</datafield>
	<datafield ind1=" " ind2=" " tag="500">
		<subfield code="a">Part of the Arabic Collections Online (ACO) project, contributed by American University in Cairo Library.</subfield>
	</datafield>
	<datafield ind1=" " ind2=" " tag="504">
		<subfield code="a">Includes bibliographical references.</subfield>
	</datafield>
	<datafield ind1=" " ind2=" " tag="500">
		<subfield code="6">880-05</subfield>
		<subfield code="a">taḥtawī ʻalá mā ʻurifa li-ʻAbd Allāh ibn al-Muqaffaʻ min al-Adab al-Ṣaghīr wa-al-adab al-kabīr wa-ghayrihimā wa-mā li-ʻAbd al-Ḥamīd ibn Yaḥyá al-Kātib min al-rasāʼil wa-al-nutaf wa-al-ḥikam wa-ʻalá al-Risālah al-ʻadhrāʼ fī mawāzīn al-balāghah wa-adawāt al-kitābah li-Abī al-Yusr Ibrāhīm ibn Muḥammad ibn al-Mudabbir wa-Risālat Abī Ḥasan ʻalá ibn Manṣūr al-Ḥalabī al-maʻrūf bi-Ibn al-Qāriḥ ilá Abī al-ʻAlāʼ al-Maʻarrī wa-Mulqá al-sabīl lil-Maʻarrī wa-Rasāʼil al-intiqād li-Ibn Sharaf al-Qayrawānī wa-Kitāb al-ʻArab li-Ibn Qutaybah wa-Risālat Rashīd al-Dīn al-Wuṭwāṭ fī-mā jará baynahu wa-bayna al-Zamakhsharī wa-muntakhab min ʻAhdāzadshīr fī al-sīyāsah wa-kitāb al-Adab wa-al-murūʼah li-Ṣāliḥ ibn Janāḥ al-Ribʻī.</subfield>
	</datafield>
	<datafield ind1=" " ind2=" " tag="533">
		<subfield code="a">Electronic reproduction.</subfield>
		<subfield code="b">New York, N.Y. :</subfield>
		<subfield code="c">New York University,</subfield>
		<subfield code="d">2020.</subfield>
		<subfield code="5">NNU</subfield>
	</datafield>
	<datafield ind1=" " ind2="0" tag="650">
		<subfield code="a">Arabic literature</subfield>
		<subfield code="y">750-1258</subfield>
		<subfield code="x">History and criticism.</subfield>
	</datafield>
	<datafield ind1=" " ind2="7" tag="650">
		<subfield code="a">Arabic literature.</subfield>
		<subfield code="2">fast</subfield>
		<subfield code="0">(OCoLC)fst00812478</subfield>
	</datafield>
	<datafield ind1=" " ind2="7" tag="648">
		<subfield code="a">750-1258</subfield>
		<subfield code="2">fast</subfield>
	</datafield>
	<datafield ind1=" " ind2="7" tag="655">
		<subfield code="a">Criticism, interpretation, etc.</subfield>
		<subfield code="2">fast</subfield>
		<subfield code="0">(OCoLC)fst01411635</subfield>
	</datafield>
	<datafield ind1="0" ind2=" " tag="700">
		<subfield code="6">880-06</subfield>
		<subfield code="a">Ibn al-Muqaffaʻ,</subfield>
		<subfield code="d">-approximately 760.</subfield>
		<subfield code="t">Adab al-Ṣaghīr wa-al-adab al-kabīr.</subfield>
	</datafield>
	<datafield ind1="1" ind2="2" tag="700">
		<subfield code="6">880-07</subfield>
		<subfield code="a">Kātib, ʻAbd al-Ḥamīd ibn Yaḥyá,</subfield>
		<subfield code="d">-749 or 750.</subfield>
		<subfield code="t">Rasāʼil.</subfield>
	</datafield>
	<datafield ind1="1" ind2="2" tag="700">
		<subfield code="6">880-08</subfield>
		<subfield code="a">Ibn al-Mudabbir, Ibrāhīm ibn Muḥammad,</subfield>
		<subfield code="d">-892 or 893.</subfield>
		<subfield code="t">Risālah al-ʻadhrāʼ fī mawāzīn al-balāghah wa-adawāt al-kitābah.</subfield>
	</datafield>
	<datafield ind1="0" ind2="2" tag="700">
		<subfield code="6">880-09</subfield>
		<subfield code="a">Abū al-ʻAlāʼ al-Maʻarrī,</subfield>
		<subfield code="d">973-1057.</subfield>
		<subfield code="t">Rasāʼil.</subfield>
	</datafield>
	<datafield ind1="1" ind2="2" tag="700">
		<subfield code="6">880-10</subfield>
		<subfield code="a">Ibn Sharaf al-Qayrawānī, Abū ʻAbd Allāh Muḥammad ibn Saʻīd,</subfield>
		<subfield code="d">approximately 1000-1067.</subfield>
		<subfield code="t">Kitāb al-ʻArab.</subfield>
	</datafield>
	<datafield ind1="2" ind2=" " tag="710">
		<subfield code="a">American University in Cairo.</subfield>
		<subfield code="b">Library.</subfield>
	</datafield>
	<datafield ind1="0" ind2=" " tag="730">
		<subfield code="a">Arabic Collections Online.</subfield>
	</datafield>
	<datafield ind1="0" ind2="8" tag="776">
		<subfield code="i">Print version:</subfield>
		<subfield code="a">Kurd ʻAlī, Muḥammad, 1876-1953, compiler.</subfield>
		<subfield code="t">Rasāʼil al-bulaghāʼ</subfield>
		<subfield code="w">(UaCaAUL)b12331284</subfield>
		<subfield code="w">(OCoLC)23503332</subfield>
	</datafield>
	<datafield ind1="4" ind2="0" tag="856">
		<subfield code="u">http://hdl.handle.net/2333.1/djh9w9b2</subfield>
	</datafield>
	<datafield ind1="1" ind2=" " tag="880">
		<subfield code="6">100-01</subfield>
		<subfield code="a">كرد علي، محمد،</subfield>
		<subfield code="d">1876-1953.</subfield>
	</datafield>
	<datafield ind1="1" ind2="0" tag="880">
		<subfield code="6">245-02</subfield>
		<subfield code="a">رسائل البلغاء /</subfield>
		<subfield code="c">عني بجمعها محمد كرد علي، صاحب مجلة المقتبس.</subfield>
	</datafield>
	<datafield ind1=" " ind2=" " tag="880">
		<subfield code="6">250-03</subfield>
		<subfield code="a">الطبعة الثانية.</subfield>
	</datafield>
	<datafield ind1=" " ind2="1" tag="880">
		<subfield code="6">264-04</subfield>
		<subfield code="a">مصر :</subfield>
		<subfield code="b">طبع بمطبعة دار الكتب العربية الكبرى،</subfield>
		<subfield code="c">1331، 1913.</subfield>
	</datafield>
	<datafield ind1=" " ind2=" " tag="880">
		<subfield code="6">500-05</subfield>
		<subfield code="a">تحتوي على ما عرف لعبد الله بن المقفع من الأدب الصغير والأدب الكبير وغيرهما وما لعبد الحميد بن يحيى الكاتب من الرسائل والنتف والحكم وعلى الرسالة العذراء في موازين البلاغة وأدوات الكتابة لأبي اليسر إبراهيم بن محمد بن المدبر ورسالة أبي حسن على بن منصور الحلبي المعروف بابن القارح إلى أبي العلاء المعري وملقى السبيل للمعري ورسائل الانتقاد لابن شرف القيرواني وكتاب العرب لابن قتيبة ورسالة رشيد الدين الوطواط فيما جرى بينه وبين الزمخشري ومنتخب من عهدازدشير في السياسة وكتاب الأدب والمروءة لصالح بن جناح الربعي.</subfield>
	</datafield>
	<datafield ind1="0" ind2=" " tag="880">
		<subfield code="6">700-06</subfield>
		<subfield code="a">ابن المقفع،</subfield>
		<subfield code="d">حوالي 760.</subfield>
		<subfield code="t">أدب الصغير والأدب الكبير.</subfield>
	</datafield>
	<datafield ind1="1" ind2="2" tag="880">
		<subfield code="6">700-07</subfield>
		<subfield code="a">كاتب، عبد الحميد بن يحيى،</subfield>
		<subfield code="d">-749 أو 750.</subfield>
		<subfield code="t">رسائل.</subfield>
	</datafield>
	<datafield ind1="1" ind2="2" tag="880">
		<subfield code="6">700-08</subfield>
		<subfield code="a">بن المدبر، إبراهيم بن محمد،</subfield>
		<subfield code="d">892 أو 893.</subfield>
		<subfield code="t">رسالة العذراء في موازين البلاغة وأدوات الكتابة.</subfield>
	</datafield>
	<datafield ind1="0" ind2="2" tag="880">
		<subfield code="6">700-09</subfield>
		<subfield code="a">أبو العلاء المعري،</subfield>
		<subfield code="d">973-1057.</subfield>
		<subfield code="t">رسائل.</subfield>
	</datafield>
	<datafield ind1="1" ind2="2" tag="880">
		<subfield code="6">700-10</subfield>
		<subfield code="a">ابن شرف القيرواني، أبو عبد الله محمد بن سعيد،</subfield>
		<subfield code="d">حوالي 1000-1067.</subfield>
		<subfield code="t">كتاب العرب.</subfield>
	</datafield>
	<datafield ind1=" " ind2=" " tag="959">
		<subfield code="a">NNU</subfield>
		<subfield code="b">WEB</subfield>
		<subfield code="c">GENI</subfield>
		<subfield code="t">0</subfield>
		<subfield code="m">Electronic access</subfield>
		<subfield code="s">01</subfield>
	</datafield>
	<datafield ind1=" " ind2=" " tag="999">
		<subfield code="i">UaCaAUL_b12331284</subfield>
		<subfield code="o">(OCoLC)ocm23503332 </subfield>
		<subfield code="s">auc_aco000998</subfield>
	</datafield>
</record>
